<?xml version="1.0" encoding="UTF-8"?><collection xmlns="http://www.loc.gov/MARC21/slim"><record><leader>00533nam--2200193-i-4500</leader><controlfield tag="001">000040217</controlfield><controlfield tag="002">20161230</controlfield><controlfield tag="005">20161230201042</controlfield><controlfield tag="008">060222s1000------------r-----000-0-ger-d</controlfield><datafield ind1=" " ind2=" " tag="040"><subfield code="a">IFIN-HH</subfield></datafield><datafield ind1=" " ind2=" " tag="041"><subfield code="a">ger</subfield></datafield><datafield ind1=" " ind2=" " tag="080"><subfield code="a">532.51</subfield></datafield><datafield ind1="1" ind2=" " tag="100"><subfield code="a">Kolmogorov,A.N.(red.)</subfield></datafield><datafield ind1="1" ind2="0" tag="245"><subfield code="a">Sammelband zur statistischen theorie der turnulenz</subfield><subfield code="c">A.N. KOLMOGOROV, A.M. Obuchow, A.M. Jaglom, A.S. Monin</subfield></datafield><datafield ind1=" " ind2=" " tag="260"><subfield code="a">Berlin, Akad.Verlag, 1958</subfield></datafield><datafield ind1=" " ind2=" " tag="300"><subfield code="a">228 P</subfield></datafield><datafield ind1="1" ind2=" " tag="700"><subfield code="a">Monin, A.S</subfield></datafield><datafield ind1=" " ind2=" " tag="852"><subfield code="a">75767</subfield><subfield code="c">532</subfield></datafield><datafield ind1=" " ind2=" " tag="CAT"><subfield code="a">Sys</subfield><subfield code="c">20100826</subfield><subfield code="h">153844</subfield></datafield></record></collection>